<record xmlns="http://www.loc.gov/MARC21/slim" xmlns:xsi="http://www.w3.org/2001/XMLSchema-instance" xsi:schemaLocation="http://www.loc.gov/MARC21/slim http://www.loc.gov/standards/marcxml/schema/MARC21slim.xsd"><leader>     nam a22        4500</leader><controlfield tag="001">002178443</controlfield><controlfield tag="003">NNU</controlfield><controlfield tag="006">m        d        </controlfield><controlfield tag="007">cr cn |||m|||a</controlfield><controlfield tag="008">150313s1904    le      o     000 1bara d</controlfield><datafield ind1=" " ind2=" " tag="040"><subfield code="a">NNU</subfield><subfield code="b">eng</subfield><subfield code="c">NNU</subfield></datafield><datafield ind1=" " ind2=" " tag="066"><subfield code="c">(3</subfield></datafield><datafield ind1=" " ind2=" " tag="090"><subfield code="a">PJ7862.A2438</subfield><subfield code="b">A75 1904</subfield></datafield><datafield ind1="1" ind2=" " tag="100"><subfield code="6">880-01</subfield><subfield code="a">Sa&#699;&#257;dah, Ruf&#363;l</subfield></datafield><datafield ind1="1" ind2="3" tag="245"><subfield code="6">880-02</subfield><subfield code="a">al-&#699;Aql wa-al-d&#299;n</subfield><subfield code="h">[electronic resource] :</subfield><subfield code="b">riw&#257;yah adab&#299;yah t&#257;r&#299;kh&#299;yah maw&#7693;&#363;&#699;uh&#257; &#7717;ay&#257;t M&#363;s&#225; al-mushtari&#699; al-Isr&#257;&#700;&#299;l&#299; al-&#699;a&#7827;&#299;m wa-ta&#7717;r&#299;r al-&#699;Ibr&#257;n&#299;y&#299;n min &#699;ub&#363;d&#299;yat al-Mi&#7779;r&#299;y&#299;n wa-ta&#700;s&#299;s al-mamlakah al-Isr&#257;&#700;&#299;l&#299;yah wa-al-shar&#299;&#699;ah al-m&#363;saw&#299;yah wa-ma&#7779;&#257;diruh&#257; /</subfield><subfield code="c">mu&#700;llifaha Ruf&#363;l Sa&#699;&#257;dah.</subfield></datafield><datafield ind1=" " ind2=" " tag="260"><subfield code="6">880-03</subfield><subfield code="a">[Lebanon?] :</subfield><subfield code="b">&#7789;ubi&#699;at f&#299; Ma&#7789;ba&#699;at al-Mun&#257;&#7827;ir,</subfield><subfield code="c">1904.</subfield></datafield><datafield ind1=" " ind2=" " tag="300"><subfield code="a">online resource (131 p.)</subfield></datafield><datafield ind1=" " ind2=" " tag="500"><subfield code="a">Part of the Arabic Collections Online (ACO) project, contributed by New York Univeristy Libraries.</subfield></datafield><datafield ind1=" " ind2=" " tag="533"><subfield code="a">Electronic reproduction.</subfield><subfield code="b">New York, N.Y. :</subfield><subfield code="c">New York University,</subfield><subfield code="d">2015.</subfield><subfield code="5">NNU</subfield></datafield><datafield ind1="0" ind2="0" tag="600"><subfield code="a">Moses</subfield><subfield code="c">(Biblical leader)</subfield><subfield code="v">Fiction.</subfield></datafield><datafield ind1="2" ind2=" " tag="710"><subfield code="a">New York University.</subfield><subfield code="b">Libraries.</subfield></datafield><datafield ind1="0" ind2=" " tag="730"><subfield code="a">Arabic Collections Online.</subfield></datafield><datafield ind1="0" ind2="8" tag="776"><subfield code="i">Print version:</subfield><subfield code="a">Sa&#699;&#257;dah, Ruf&#363;l 880-01</subfield><subfield code="t">al-&#699;Aql wa-al-d&#299;n</subfield><subfield code="w">(NNU)002178443</subfield></datafield><datafield ind1="4" ind2="0" tag="856"><subfield code="u">http://hdl.handle.net/2333.1/h18934cn</subfield></datafield><datafield ind1="0" ind2=" " tag="880"><subfield code="6">100-01/</subfield><subfield code="a">&#1585;&#1601;&#1608;&#1604; &#1587;&#1593;&#1575;&#1583;&#1577;.</subfield></datafield><datafield ind1="1" ind2="2" tag="880"><subfield code="6">245-02/</subfield><subfield code="a">&#1575;&#1604;&#1593;&#1602;&#1604; &#1608;&#1575;&#1604;&#1583;&#1610;&#1606; :</subfield><subfield code="b">&#1585;&#1608;&#1575;&#1610;&#1577; &#1571;&#1583;&#1576;&#1610;&#1577; &#1578;&#1575;&#1585;&#1610;&#1582;&#1610;&#1577; &#1605;&#1608;&#1590;&#1608;&#1593;&#1607;&#1575; &#1581;&#1610;&#1575;&#1577; &#1605;&#1608;&#1587;&#1609; &#1575;&#1604;&#1605;&#1588;&#1578;&#1585;&#1593; &#1575;&#1604;&#1573;&#1587;&#1585;&#1575;&#1574;&#1610;&#1604;&#1610; &#1575;&#1604;&#1593;&#1592;&#1610;&#1605; &#1608;&#1578;&#1581;&#1585;&#1610;&#1585; &#1575;&#1604;&#1593;&#1576;&#1585;&#1575;&#1606;&#1610;&#1610;&#1606; &#1605;&#1606; &#1593;&#1576;&#1608;&#1583;&#1610;&#1577; &#1575;&#1604;&#1605;&#1589;&#1585;&#1610;&#1610;&#1606; &#1608;&#1578;&#1571;&#1587;&#1610;&#1587; &#1575;&#1604;&#1605;&#1605;&#1604;&#1603;&#1577; &#1575;&#1604;&#1575;&#1587;&#1585;&#1575;&#1574;&#1610;&#1604;&#1610;&#1577; &#1608;&#1575;&#1604;&#1588;&#1585;&#1610;&#1593;&#1577; &#1575;&#1604;&#1605;&#1608;&#1587;&#1608;&#1610;&#1577; &#1608;&#1605;&#1589;&#1575;&#1583;&#1585;&#1607;&#1575; /</subfield><subfield code="c">&#1605;&#1572;&#1604;&#1601;&#1607;&#1575; &#1585;&#1601;&#1608;&#1604; &#1587;&#1593;&#1575;&#1583;&#1577;.</subfield></datafield><datafield ind1=" " ind2=" " tag="880"><subfield code="6">260-03/</subfield><subfield code="a">[Lebanon?] :</subfield><subfield code="b">&#1591;&#1576;&#1593;&#1578; &#1601;&#1610; &#1605;&#1591;&#1576;&#1593;&#1577; &#1575;&#1604;&#1605;&#1606;&#1575;&#1592;&#1585;&#1548;</subfield><subfield code="c">&#1633;&#1641;&#1632;&#1636;.</subfield></datafield><datafield ind1=" " ind2=" " tag="959"><subfield code="a">NNU</subfield><subfield code="b">WEB</subfield><subfield code="c">GENI</subfield><subfield code="t">0</subfield><subfield code="m">Electronic access</subfield><subfield code="s">01</subfield></datafield><datafield ind1=" " ind2=" " tag="999"><subfield code="i">NNU_002178443</subfield><subfield code="s">nyu_aco000557</subfield></datafield></record>